@inproceedings{masstree,
  title={Cache craftiness for fast multicore key-value storage},
  author={Mao, Yandong and Kohler, Eddie and Morris, Robert Tappan},
  booktitle={Proceedings of the 7th ACM european conference on Computer Systems},
  pages={183--196},
  year={2012},
  organization={ACM}
}

@article{hstore,
  title={H-store: a high-performance, distributed main memory transaction processing system},
  author={Kallman, Robert and Kimura, Hideaki and Natkins, Jonathan and Pavlo, Andrew and Rasin, Alexander and Zdonik, Stanley and Jones, Evan PC and Madden, Samuel and Stonebraker, Michael and Zhang, Yang and others},
  journal={Proceedings of the VLDB Endowment},
  volume={1},
  number={2},
  pages={1496--1499},
  year={2008},
  publisher={VLDB Endowment}
}

@inproceedings{VST,
  title={Verified software toolchain},
  author={Appel, Andrew W},
  booktitle={European Symposium on Programming},
  pages={1--17},
  year={2011},
  organization={Springer}
}

@inproceedings{Silo,
  title={Speedy transactions in multicore in-memory databases},
  author={Tu, Stephen and Zheng, Wenting and Kohler, Eddie and Liskov, Barbara and Madden, Samuel},
  booktitle={Proceedings of the Twenty-Fourth ACM Symposium on Operating Systems Principles},
  pages={18--32},
  year={2013},
  organization={ACM}
}

@inproceedings{SiloR,
  title={Fast Databases with Fast Durability and Recovery Through Multicore Parallelism.},
  author={Zheng, Wenting and Tu, Stephen and Kohler, Eddie and Liskov, Barbara},
  booktitle={OSDI},
  volume={14},
  pages={465--477},
  year={2014}
}

@unpublished{aurele,
author = {Aur\`ele Barri\`ere},
title = {VST Verification of B+Trees with Cursors},
year = {2018}
}

@unpublished{brian,
author = {Brian McSwiggen},
title = {The Theory and Verification of B+ Tree Cursor Relations},
year = {2018}
}

@unpublished{oluwatosin,
author = {Oluwatosin Victor Adewale},
title = {Implementing a High-Performance Key-Value Store Using A Trie of B+-Trees with Cursors},
year = {2018}
}

@inproceedings{reynolds,
  title={Separation logic: A logic for shared mutable data structures},
  author={Reynolds, John C},
  booktitle={Logic in Computer Science, 2002. Proceedings. 17th Annual IEEE Symposium on},
  pages={55--74},
  year={2002},
  organization={IEEE}
}

@article{wand,
  title={Proof Pearl: Magic Wand as Frame},
  author={Cao, Qinxiang and Wang, Shengyi and Hobor, Aquinas and Appel, Andrew W},
  year={2018}
}

@inproceedings{nipkow,
  title={Automatic functional correctness proofs for functional search trees},
  author={Nipkow, Tobias},
  booktitle={International Conference on Interactive Theorem Proving},
  pages={307--322},
  year={2016},
  organization={Springer}
}

@inproceedings{compcert,
  title={Formal certification of a compiler back-end or: programming a compiler with a proof assistant},
  author={Leroy, Xavier},
  booktitle={ACM SIGPLAN Notices},
  volume={41},
  number={1},
  pages={42--54},
  year={2006},
  organization={ACM}
}

@inproceedings{benzaken,
 author = {Benzaken, V{\'e}ronique and Contejean, \'{E}velyne},
 title = {A Coq Mechanised Formal Semantics for Realistic SQL Queries: Formally Reconciling SQL and Bag Relational Algebra},
 booktitle = {Proceedings of the 8th ACM SIGPLAN International Conference on Certified Programs and Proofs},
 series = {CPP 2019},
 year = {2019},
 isbn = {978-1-4503-6222-1},
 location = {Cascais, Portugal},
 pages = {249--261},
 numpages = {13},
 url = {http://doi.acm.org/10.1145/3293880.3294107},
 doi = {10.1145/3293880.3294107},
 acmid = {3294107},
 publisher = {ACM},
 address = {New York, NY, USA},
 keywords = {Coq, Formal Semantics, SQL},
}

@inproceedings{benzaken18,
  author    = {V{\'{e}}ronique Benzaken and
               Evelyne Contejean and
               Ch. Keller and
               E. Martins},
  editor    = {Jeremy Avigad and
               Assia Mahboubi},
  title     = {A Coq Formalisation of SQL's Execution Engines},
  booktitle = {Interactive Theorem Proving - 9th International Conference, {ITP}
               2018, Held as Part of the Federated Logic Conference, FloC 2018, Oxford,
               UK, July 9-12, 2018, Proceedings},
  series    = {Lecture Notes in Computer Science},
  volume    = {10895},
  pages     = {88--107},
  publisher = {Springer},
  year      = {2018},
  url       = {https://doi.org/10.1007/978-3-319-94821-8\_6},
  doi       = {10.1007/978-3-319-94821-8\_6},
  timestamp = {Thu, 05 Jul 2018 14:58:47 +0200},
  biburl    = {https://dblp.org/rec/bib/conf/itp/BenzakenCKM18},
  bibsource = {dblp computer science bibliography, https://dblp.org}
}